@article{rodrik2004institutions,
	title={Institutions rule: the primacy of institutions over geography and integration in economic development},
	author={Rodrik, Dani and Subramanian, Arvind and Trebbi, Francesco},
	journal={Journal of Economic Growth},
	volume={9},
	number={2},
	pages={131--165},
	year={2004},
	publisher={Springer}
}

@article{acemoglu2005institutions,
	title={Institutions as a fundamental cause of long-run growth},
	author={Acemoglu, Daron and Johnson, Simon and Robinson, James A},
	journal={Handbook of Economic Growth},
	volume={1},
	pages={385--472},
	year={2005},
	publisher={Elsevier}
}

@article{acemoglu2002reversal,
	title={Reversal of Fortune: Geography and Institutions in the Making of the Modern World Income Distribution},
	author={Acemoglu, Daron and Johnson, Simon and Robinson, James A},
	journal={The Quarterly Journal of Economics},
	volume={117},
	number={4},
	pages={1231--1294},
	year={2002},
	publisher={Oxford University Press}
}

@article{daronacemoglu2001colonial,
	title={The Colonial Origins of Comparative Development: An Empirical Investigation},
	author={Acemoglu, Daron and Johnson, Simon and Robinson, James A},
	journal={The American Economic Review},
	volume={91},
	number={5},
	pages={1369--1401},
	year={2001}
}

@article{durlauf2005growth,
	title={Growth econometrics},
	author={Durlauf, Steven N and Johnson, Paul A and Temple, Jonathan RW},
	journal={Handbook of economic growth},
	volume={1},
	pages={555--677},
	year={2005},
	publisher={Elsevier}
}


@article{acemoglu2003institutional,
	title={Institutional causes, macroeconomic symptoms: volatility, crises and growth},
	author={Acemoglu, Daron and Johnson, Simon and Robinson, James and Thaicharoen, Yunyong},
	journal={Journal of monetary economics},
	volume={50},
	number={1},
	pages={49--123},
	year={2003},
	publisher={Elsevier}
}

@article{henderson1993population,
	title={Population pressures and political repression.},
	author={Henderson, Conway W},
	journal={Social Science Quarterly},
	volume={74},
	number={2},
	pages={322--33},
	year={1993}
}

@article{easterly2012european,
	title={The European origins of economic development},
	author={Easterly, William and Levine, Ross},
	journal={Journal of Economic Growth},
	pages={1--33},
	year={2012},
	publisher={Springer}
}
@article{glaeser2004institutions,
	title={Do institutions cause growth?},
	author={Glaeser, Edward L and La Porta, Rafael and Lopez-de-Silanes, Florencio and Shleifer, Andrei},
	journal={Journal of Economic Growth},
	volume={9},
	number={3},
	pages={271--303},
	year={2004},
	publisher={Springer}
}
@article{hall1999some,
	title={Why Do Some Countries Produce So Much More Output Per Worker Than Others?},
	author={Hall, Robert E and Jones, Charles I},
	journal={The Quarterly Journal of Economics},
	volume={114},
	number={1},
	pages={83--116},
	year={1999}
}
@book{north1981structure,
	title={Estructura y cambio en la historia econ√≥mica},
	author={North, Douglass Cecil},
	year={1984},
	publisher={Alianza Universidad}
}
@book{north1990institutions,
	title={Institutions, institutional change and economic performance},
	author={North, Douglass C},
	year={1990},
	publisher={Cambridge university press}
}
@techreport{sachs2001tropical,
	title={Tropical underdevelopment},
	author={Sachs, Jeffrey D},
	year={2001},
	institution={National Bureau of Economic Research}
}
@article{frankel1999does,
	title={Does trade cause growth?},
	author={Frankel, Jeffrey A and Romer, David},
	journal={American Economic Review},
	pages={379--399},
	year={1999},
	publisher={JSTOR}
}
@article{acemoglu2014institutions,
	title={Institutions, Human Capital, and Development},
	author={Acemoglu, Daron and Gallego, Francisco A and Robinson, James A},
	journal={The Annual Review of Economics},
	volume={6},
	number={1},
	pages={875--912},
	year={2014},
	publisher={Annual Reviews}
}

@article{glaeser2007does,
	title={Why does democracy need education?},
	author={Glaeser, Edward L and Ponzetto, Giacomo AM and Shleifer, Andrei},
	journal={Journal of Economic Growth},
	volume={12},
	number={2},
	pages={77--99},
	year={2007},
	publisher={Springer}
}

@article{fortunato2015democracy,
	title={Democracy, education and the quality of government},
	author={Fortunato, Piergiuseppe and Panizza, Ugo},
	journal={Journal of Economic Growth},
	volume={20},
	number={4},
	pages={333--363},
	year={2015},
	publisher={Springer}
}

@article{rodrik2012we,
	title={Why we learn nothing from regressing economic growth on policies},
	author={Rodrik, Dani},
	journal={Seoul Journal of Economics},
	volume={25},
	number={2},
	pages={137--151},
	year={2012}
}
@techreport{acemoglu2016paths,
	title={Paths to Inclusive Political Institutions},
	author={Acemoglu, Daron and Robinson, James A},
	year={2016},
	institution={Working Paper}
}
@techreport{acemoglu2014democracy,
	title={Democracy does cause growth},
	author={Acemoglu, Daron and Naidu, Suresh and Restrepo, Pascual and Robinson, James A},
	year={2014},
	institution={National Bureau of Economic Research}
}

@article{gennaioli2013human,
	title={HUMAN CAPITAL AND REGIONAL DEVELOPMENT},
	author={Gennaioli, Nicola and La Porta, Rafael and Lopez-de-Silanes, Florencio and Shleifer, Andrei},
	journal={The Quarterly Journal of Economics},
	volume={105},
	pages={164},
	year={2013}
}
@article{mauro1995corruption,
	title={Corruption and growth},
	author={Mauro, Paolo},
	journal={The Quarterly Journal of Economics},
	pages={681--712},
	year={1995},
	publisher={JSTOR}
}
@article{easterly1993fiscal,
	title={Fiscal policy and economic growth},
	author={Easterly, William and Rebelo, Sergio},
	journal={Journal of monetary economics},
	volume={32},
	number={3},
	pages={417--458},
	year={1993},
	publisher={Elsevier}
}
@article{kneller1999fiscal,
	title={Fiscal policy and growth: evidence from OECD countries},
	author={Kneller, Richard and Bleaney, Michael F and Gemmell, Norman},
	journal={Journal of Public Economics},
	volume={74},
	number={2},
	pages={171--190},
	year={1999},
	publisher={Elsevier}
}
@article{barro1991economic,
	title={Economic Growth in a Cross Section of Countries},
	author={Barro, Robert J.},
	journal={The Quarterly Journal of Economics},
	volume={106},
	number={2},
	pages={407--443},
	year={1991}
}
@techreport{crafts2014industrialization,
	title={Industrialization: Why Britain Got There First},
	author={Crafts, Nicholas},
	year={2014},
	institution={Competitive Advantage in the Global Economy (CAGE)}
}
@article{clark2007farewell,
	title={A farewell to alms},
	author={Clark, Gregory},
	year={2007}
}
@techreport{maestas2016effect,
	title={The Effect of Population Aging on Economic Growth, the Labor Force and Productivity},
	author={Maestas, Nicole and Mullen, Kathleen J and Powell, David},
	year={2016},
	institution={National Bureau of Economic Research}
}

@techreport{Pozuelo,
	title={Democracy Does Not Cause Growth: The Importance of Endogeneity Arguments},
	author={Ruiz Pozuelo, Julia and Slipowitz, Amy and Vuletin, Guillermo},
	year={2016},
	institution={Inter-American Development Bank}
}
@article{stokey2015catching,
	title={Catching up and falling behind},
	author={Stokey, Nancy L},
	journal={Journal of Economic Growth},
	volume={20},
	number={1},
	pages={1--36},
	year={2015},
	publisher={Springer}
}
@article{knack1995institutions,
	title={Institutions and economic performance: cross-country tests using alternative institutional measures},
	author={Knack, Stephen and Keefer, Philip},
	journal={Economics \& Politics},
	volume={7},
	number={3},
	pages={207--227},
	year={1995},
	publisher={Wiley Online Library}
}
@article{barro2013new,
	title={A new data set of educational attainment in the world, 1950--2010},
	author={Barro, Robert J and Lee, Jong Wha},
	journal={Journal of development economics},
	volume={104},
	pages={184--198},
	year={2013},
	publisher={Elsevier}
}
@article{arellano1991some,
	title={Some tests of specification for panel data: Monte Carlo evidence and an application to employment equations},
	author={Arellano, Manuel and Bond, Stephen},
	journal={The review of economic studies},
	volume={58},
	number={2},
	pages={277--297},
	year={1991},
	publisher={Oxford University Press}
}
@article{arellano1995another,
	title={Another look at the instrumental variable estimation of error-components models},
	author={Arellano, Manuel and Bover, Olympia},
	journal={Journal of econometrics},
	volume={68},
	number={1},
	pages={29--51},
	year={1995},
	publisher={Elsevier}
}
@article{mukand2015political,
	title={The Political Economy of Liberal Democracy},
	author={Mukand, Sharun and Rodrik, Dani},
	journal={NBER Working Paper Series},
	pages={21540},
	year={2015},
	publisher={National Bureau of Economic Research, Inc.}
}
@article{sachs2000notes,
	title={Notes on a new sociology of economic development},
	author={Sachs, Jeffrey},
	journal={Culture matters: How values shape human progress},
	pages={29--43},
	year={2000},
	publisher={Basic Books New York}
}
@book{freeman2001time,
	title={As time goes by: from the industrial revolutions to the information revolution},
	author={Freeman, Christopher and Lou{\c{c}}{\~a}, Francisco},
	year={2001},
	publisher={Oxford University Press}
}
@book{koehler,
	title={An introduction to the history of capitalism 600-1900 AD},
	author={Koehler, Benedikt and Abulafia, David and Bateman, Victoria and Bowen, Huw and Crafts, Nicholas},
	year={2015},
	publisher={Legatum Institute}
}
@article{feenstra2015next,
	title={The next generation of the Penn World Table},
	author={Feenstra, Robert C and Inklaar, Robert and Timmer, Marcel P},
	journal={The American Economic Review},
	volume={105},
	number={10},
	pages={3150--3182},
	year={2015},
	publisher={American Economic Association}
}
@article{rodrik2005democratic,
	title={Do democratic transitions produce bad economic outcomes?},
	author={Rodrik, Dani and Wacziarg, Romain},
	journal={The American economic review. Papers and Proceedings},
	volume={95},
	number={2},
	pages={50--55},
	year={2005},
	publisher={JSTOR}
}
@article{aghion2009causal,
	title={The causal impact of education on economic growth: evidence from US},
	author={Aghion, Philippe and Boustan, Leah and Hoxby, Caroline and Vandenbussche, Jerome},
	year={2009}
}
@article{lipset1960social,
	title={Political Man: The Social Bases of Politics},
	author={Lipset, Seymour Martin},
	journal={Baltimore: The Johns Hopkins University Press},
	year={1960}
}
@article{maziarz2015review,
	title={A review of the Granger-causality fallacy},
	author={Maziarz, Mariusz},
	journal={The Journal of Philosophical Economics: Reflections on Economic and social issues},
	volume={8},
	number={2},
	pages={86--105},
	year={2015},
	publisher={Sveu{\v{c}}ili{\v{s}}te Libertas}
}
@article{alesina2011segregation,
	title={Segregation and the Quality of Government in a Cross Section of Countries},
	author={Alesina, Alberto and Zhuravskaya, Ekaterina},
	journal={The American Economic Review},
	volume={101},
	number={5},
	pages={1872--1911},
	year={2011},
	publisher={American Economic Association}
}
@book{buchanan1962calculus,
	title={The calculus of consent},
	author={Buchanan, James M and Tullock, Gordon},
	volume={3},
	year={1962},
	publisher={University of Michigan Press Ann Arbor}
}
@article{LaPorta,
	title={The quality of government},
	author={La Porta, Rafael and Lopez-de-Silanes, Florencio and Shleifer, Andrei and Vishny, Robert},
	journal={Journal of Law, Economics, and Organization},
	volume={15},
	number={1},
	pages={222--279},
	year={1999},
	publisher={Oxford Univ Press}
}
@article{marshall2002polity,
	title={Polity IV project: Political regime characteristics and transitions, 1800-2002},
	author={Marshall, Monty G and Jaggers, Keith},
	year={2002}
}